<record><leader>00000cas a2200000 a 4500</leader><controlfield tag="001">10674120</controlfield><controlfield tag="008">840430d18471868nhuwr ne      0    0eng c</controlfield><datafield ind1=" " ind2=" " tag="010"><subfield code="a">sn 84022932 </subfield></datafield><datafield ind1=" " ind2=" " tag="040"><subfield code="a">NPX</subfield><subfield code="b">eng</subfield><subfield code="c">NPX</subfield><subfield code="d">DLC</subfield><subfield code="d">NPY</subfield><subfield code="d">NPA</subfield><subfield code="d">KNP</subfield><subfield code="d">NVH</subfield><subfield code="d">CNK</subfield><subfield code="d">DLC</subfield><subfield code="d">NYS</subfield><subfield code="d">DLC</subfield><subfield code="d">KRTAS</subfield><subfield code="d">CUI</subfield><subfield code="d">OCLCQ</subfield><subfield code="d">OCLCF</subfield><subfield code="d">NLC</subfield></datafield><datafield ind1=" " ind2=" " tag="016"><subfield code="a">(AMICUS)000014259877</subfield></datafield><datafield ind1="1" ind2=" " tag="029"><subfield code="a">AU@</subfield><subfield code="b">000025051777</subfield></datafield><datafield ind1=" " ind2=" " tag="042"><subfield code="a">pcc</subfield></datafield><datafield ind1=" " ind2=" " tag="043"><subfield code="a">n-us-nh</subfield></datafield><datafield ind1="0" ind2="0" tag="050"><subfield code="a">Newspaper 8724</subfield></datafield><datafield ind1=" " ind2="4" tag="050"><subfield code="a">AN</subfield></datafield><datafield ind1="0" ind2=" " tag="130"><subfield code="a">New Hampshire statesman (Concord, N.H. : 1847)</subfield></datafield><datafield ind1="1" ind2="0" tag="245"><subfield code="a">New Hampshire statesman.</subfield></datafield><datafield ind1=" " ind2=" " tag="260"><subfield code="a">Concord [N.H.] :</subfield><subfield code="b">Geo. O. Odlin &amp; Co.</subfield></datafield><datafield ind1=" " ind2=" " tag="300"><subfield code="a">v. ;</subfield><subfield code="c">68 cm.</subfield></datafield><datafield ind1=" " ind2=" " tag="310"><subfield code="a">Weekly</subfield></datafield><datafield ind1="0" ind2=" " tag="362"><subfield code="a">Vol. 27, no. 1365 (July 23, 1847)-v. 46, no. 2482 (Dec. 25, 1868).</subfield></datafield><datafield ind1=" " ind2=" " tag="500"><subfield code="a">Published as: New-Hampshire statesman, 1859-1868.</subfield></datafield><datafield ind1=" " ind2=" " tag="530"><subfield code="a">Also issued on microfilm from the Library of Congress, Photoduplication Service.</subfield></datafield><datafield ind1=" " ind2=" " tag="580"><subfield code="a">Daily legislative eds.: Daily statesman (Concord, N.H.), and: New Hampshire statesman (Concord, N.H. : Daily), and: Legislative reporter (Concord, N.H. : 1862).</subfield></datafield><datafield ind1=" " ind2="0" tag="651"><subfield code="a">Concord (N.H.)</subfield><subfield code="v">Newspapers.</subfield></datafield><datafield ind1=" " ind2="0" tag="651"><subfield code="a">Merrimack County (N.H.)</subfield><subfield code="v">Newspapers.</subfield></datafield><datafield ind1=" " ind2="7" tag="655"><subfield code="a">Newspapers.</subfield><subfield code="2">fast</subfield><subfield code="0">(OCoLC)fst01423814</subfield></datafield><datafield ind1=" " ind2="7" tag="651"><subfield code="a">New Hampshire</subfield><subfield code="z">Concord.</subfield><subfield code="2">fast</subfield><subfield code="0">(OCoLC)fst01205752</subfield></datafield><datafield ind1=" " ind2="7" tag="651"><subfield code="a">New Hampshire</subfield><subfield code="z">Merrimack County.</subfield><subfield code="2">fast</subfield><subfield code="0">(OCoLC)fst01211979</subfield></datafield><datafield ind1=" " ind2=" " tag="752"><subfield code="a">United States</subfield><subfield code="b">New Hampshire</subfield><subfield code="c">Merrimack</subfield><subfield code="d">Concord.</subfield></datafield><datafield ind1="1" ind2=" " tag="775"><subfield code="t">Daily statesman (Concord, N.H.)</subfield><subfield code="w">(DLC)sn 84022933</subfield><subfield code="w">(OCoLC)10674175</subfield></datafield><datafield ind1="1" ind2=" " tag="775"><subfield code="t">New Hampshire statesman (Concord, N.H. : Daily)</subfield><subfield code="w">(DLC)sn 84022934</subfield><subfield code="w">(OCoLC)10674222</subfield></datafield><datafield ind1="1" ind2=" " tag="775"><subfield code="t">Legislative reporter (Concord, N.H. : 1862)</subfield><subfield code="w">(DLC)sn 84022935</subfield><subfield code="w">(OCoLC)10674761</subfield></datafield><datafield ind1="0" ind2="0" tag="780"><subfield code="t">New-Hampshire statesman and state journal</subfield><subfield code="w">(DLC)sn 84022931</subfield><subfield code="w">(OCoLC)10674029</subfield></datafield><datafield ind1="0" ind2="0" tag="785"><subfield code="t">Republican statesman (Concord, N.H.)</subfield><subfield code="w">(DLC)sn 84022936</subfield><subfield code="w">(OCoLC)10675106</subfield></datafield><datafield ind1=" " ind2=" " tag="938"><subfield code="a">Kirtas Technologies, Inc.</subfield><subfield code="b">KRTS</subfield><subfield code="n">738403</subfield></datafield></record>